<?xml version="1.0" encoding="UTF-8"?><collection xmlns="http://www.loc.gov/MARC21/slim"><record><leader>00600nam--2200181-i-4500</leader><controlfield tag="001">000032867</controlfield><controlfield tag="002">20161230</controlfield><controlfield tag="005">20161230201039</controlfield><controlfield tag="008">060222s1000------------r-----000-0-eng-d</controlfield><datafield ind1=" " ind2=" " tag="040"><subfield code="a">IFIN-HH</subfield></datafield><datafield ind1=" " ind2=" " tag="080"><subfield code="a">530.1:518:681.3.06</subfield></datafield><datafield ind1="1" ind2=" " tag="100"><subfield code="a">Adler, Berni</subfield></datafield><datafield ind1="1" ind2="0" tag="245"><subfield code="a">Methods in computational physics. advances in research and applications. volume 10. atomic and molecular scattering</subfield><subfield code="c">Berni alder, sidney fernbach, manuel rotenberg (eds.)</subfield></datafield><datafield ind1=" " ind2=" " tag="260"><subfield code="a">New York</subfield><subfield code="b">Academic Press</subfield><subfield code="c">1971</subfield></datafield><datafield ind1=" " ind2=" " tag="300"><subfield code="a">XI+341P</subfield></datafield><datafield ind1="1" ind2=" " tag="700"><subfield code="a">Rotenberg, Manuel</subfield><subfield code="e">Ed</subfield></datafield><datafield ind1=" " ind2=" " tag="852"><subfield code="a">19032</subfield><subfield code="c">53.02</subfield></datafield><datafield ind1=" " ind2=" " tag="CAT"><subfield code="a">Sys</subfield><subfield code="c">20151019</subfield><subfield code="h">142911</subfield></datafield></record></collection>